<?xml version="1.0" encoding="UTF-8"?><record xmlns="http://www.loc.gov/MARC21/slim" xmlns:cinclude="http://apache.org/cocoon/include/1.0" xmlns:zs="http://www.loc.gov/zing/srw/">
  <leader>00473nz  a2200133n  4500</leader>
  <controlfield tag="001">n  92107336 </controlfield>
  <controlfield tag="003">DLC</controlfield>
  <controlfield tag="005">19921103075258.7</controlfield>
  <controlfield tag="008">921103n| acannaab|          |n aaa |||  </controlfield>
  <datafield tag="010" ind1=" " ind2=" ">
    <subfield code="a">n  92107336 </subfield>
  </datafield>
  <datafield tag="040" ind1=" " ind2=" ">
    <subfield code="a">DLC</subfield>
    <subfield code="c">DLC</subfield>
  </datafield>
  <datafield tag="100" ind1="1" ind2="0">
    <subfield code="a">Dubé, Maryse</subfield>
  </datafield>
  <datafield tag="670" ind1=" " ind2=" ">
    <subfield code="a">Her Eval. de la qualité des eaux de surface ... 1991:</subfield>
    <subfield code="b">t.p. (Maryse Dubé, agronome; Direction de l'environ., Service de survi environ., Gov. du Québec, Min. des forêts)</subfield>
  </datafield>
  <datafield tag="670" ind1=" " ind2=" ">
    <subfield code="a">NLC 3-18-92</subfield>
    <subfield code="b">(Dubé, Maryse)</subfield>
  </datafield>
</record>